@inproceedings {Kassel,
    AUTHOR = {Kassel, Christian},
     TITLE = {K\"ahler differentials and coverings of complex simple {L}ie
              algebras extended over a commutative algebra},
 BOOKTITLE = {Proceedings of the {L}uminy conference on algebraic
              {$K$}-theory ({L}uminy, 1983)},
   JOURNAL = {J. Pure Appl. Algebra},
  FJOURNAL = {Journal of Pure and Applied Algebra},
    VOLUME = {34},
      YEAR = {1984},
    NUMBER = {2-3},
     PAGES = {265--275},
      ISSN = {0022-4049},
   MRCLASS = {17B55 (17B20 17B56)},
  MRNUMBER = {772062},
MRREVIEWER = {W. T. van Est},
       DOI = {10.1016/0022-4049(84)90040-9},
       URL = {https://doi.org/10.1016/0022-4049(84)90040-9},
}

@article {Garland,
    AUTHOR = {Garland, Howard},
     TITLE = {The arithmetic theory of loop groups},
   JOURNAL = {Inst. Hautes \'Etudes Sci. Publ. Math.},
  FJOURNAL = {Institut des Hautes \'Etudes Scientifiques. Publications
              Math\'ematiques},
    NUMBER = {52},
      YEAR = {1980},
     PAGES = {5--136},
      ISSN = {0073-8301},
   MRCLASS = {20G25 (14L17 17B10 17B65 20G05 22E40)},
  MRNUMBER = {601519},
MRREVIEWER = {S. I. Gel\cprime fand},
       URL = {http://www.numdam.org/item?id=PMIHES_1980__52__5_0},
}

@book {Kac,
    AUTHOR = {Kac, Victor},
     TITLE = {Vertex algebras for beginners},
    SERIES = {University Lecture Series},
    VOLUME = {10},
   EDITION = {Second},
 PUBLISHER = {American Mathematical Society, Providence, RI},
      YEAR = {1998},
     PAGES = {vi+201},
      ISBN = {0-8218-1396-X},
   MRCLASS = {17B69},
  MRNUMBER = {1651389},
       DOI = {10.1090/ulect/010},
       URL = {https://doi.org/10.1090/ulect/010},
}

@book {FBZ,
    AUTHOR = {Frenkel, Edward and Ben-Zvi, David},
     TITLE = {Vertex algebras and algebraic curves},
    SERIES = {Mathematical Surveys and Monographs},
    VOLUME = {88},
   EDITION = {Second},
 PUBLISHER = {American Mathematical Society, Providence, RI},
      YEAR = {2004},
     PAGES = {xiv+400},
      ISBN = {0-8218-3674-9},
   MRCLASS = {17B69 (14D21 14H81)},
  MRNUMBER = {2082709},
       DOI = {10.1090/surv/088},
       URL = {https://doi.org/10.1090/surv/088},
}

@article {DSK,
    AUTHOR = {De Sole, Alberto and Kac, Victor G.},
     TITLE = {Finite vs affine {$W$}-algebras},
   JOURNAL = {Jpn. J. Math.},
  FJOURNAL = {Japanese Journal of Mathematics},
    VOLUME = {1},
      YEAR = {2006},
    NUMBER = {1},
     PAGES = {137--261},
      ISSN = {0289-2316},
   MRCLASS = {17B69 (17B68)},
  MRNUMBER = {2261064},
MRREVIEWER = {Hai Sheng Li},
       DOI = {10.1007/s11537-006-0505-2},
       URL = {https://doi.org/10.1007/s11537-006-0505-2},
}

@book {CG,
    AUTHOR = {Costello, Kevin and Gwilliam, Owen},
     TITLE = {Factorization algebras in quantum field theory. {V}ol. 1},
    SERIES = {New Mathematical Monographs},
    VOLUME = {31},
 PUBLISHER = {Cambridge University Press, Cambridge},
      YEAR = {2017},
     PAGES = {ix+387},
      ISBN = {978-1-107-16310-2},
   MRCLASS = {81-01 (17B69 18D50 53D55 81R05 81R10)},
  MRNUMBER = {3586504},
MRREVIEWER = {Domenico Fiorenza},
       DOI = {10.1017/9781316678626},
       URL = {https://doi.org/10.1017/9781316678626},
}

%\begin{bibdiv}
%    \begin{biblist}
%
%\bib{CS}{article}{
%   author={Crapo, Henry},
%   author={Schmitt, William},
%   title={A free subalgebra of the algebra of matroids},
%   journal={European J. Combin.},
%   volume={26},
%   date={2005},
%   number={7},
%   pages={1066--1085},
%}
%
%\bib{CLS}{article}{
%   author={Chu, Chenghao},
%   author={Lorscheid, Oliver},
%   author={Santhanam, Rekha},
%   title={Sheaves and $K$-theory for $\Bbb F_1$-schemes},
%   journal={Adv. Math.},
%   volume={229},
%   date={2012},
%   number={4},
%   pages={2239--2286},
%}
%
%\bib{CGM}{article}{
%author={Crowley, C.}, 
%author={Giansiracusa, N.},
%author={Mundinger, J.},
%title={A module-theoretic approach to matroids},
%journal={preprint},
%date={2017},
%eprint={arXiv:1712.03440},
%}
%
%\bib{Dei}{article}{
%   author={Deitmar, Anton},
%   title={Remarks on zeta functions and $K$-theory over ${\bf F}_1$},
%   journal={Proc. Japan Acad. Ser. A Math. Sci.},
%   volume={82},
%   date={2006},
%   number={8},
%   pages={141--146},
%}
%
%\bib{D}{article}{
%author={Dyckerhoff, Tobias},
%title={Higher categorical aspects of Hall algebras},
%journal={preprint},
%%date={2015},
%eprint= {arXiv: 1505.06940},
%}
%
%\bib{DK}{article}{
%author={Dyckerhoff, Tobias},
%author={Kapranov, Mikhail},
%title={Higher Segal Spaces I},
%journal={preprint},
%%date={2012},
%eprint={arXiv: 1212.3563 },
%}
%
%\bib{EJS}{article}{
%author={Eppolito, Chris},
%author={Jun, Jaiung},
%author={Szczesny, M},
%title={Hopf algebras for matroids over hyperfields},
%journal={preprint},
%%date={2017},
%eprint={arXiv:1712.08903},
%}
%
%\bib{GKT3}{article}{
%author={Galvez, Imma},
%author={Kock, Joachim},
%author={Tonks, Andrew},
%title={Decomposition spaces, incidence algebras and Möbius inversion III: the decomposition space of Möbius intervals},
%journal={Adv. Math., to appear},
%eprint={arXiv:1512.07580},
%}
%
%\bib{GKT2}{article}{
%author={Galvez, Imma},
%author={Kock, Joachim},
%author={Tonks, Andrew},
%title={Decomposition spaces, incidence algebras and Möbius inversion II: completeness, length filtration, and finiteness},
%journal={Adv. Math., to appear},
%eprint={arXiv:1512.07577},
%}
%
%\bib{GKT1}{article}{
%author={Galvez, Imma},
%author={Kock, Joachim},
%author={Tonks, Andrew},
%title={Decomposition spaces, incidence algebras and Möbius inversion I: basic theory},
%journal={Adv. Math., to appear},
%eprint={arXiv:1512.07573},
%}
%
%\bib{Hek}{thesis}{
%author={Hekking, J.},
%title={Segal Objects in Homotopical Categories \& K-theory of Proto-exact Categories},
%type={Master's Thesis, Univ. of Utrecht},
%date={2017},
%eprint={https://www.universiteitleiden.nl/binaries/content/assets/science/mi/scripties/master/hekking_master.pdf},
%}
%
%
%
%\end{biblist}
% \end{bibdiv}